Encoding: MacRoman

@article{xu2011bayesian,
  title={Bayesian methods to overcome the winner's curse in genetic studies},
  author={Xu, Lizhen and Craiu, Radu V and Sun, Lei},
  journal={The Annals of Applied Statistics},
  pages={201--231},
  year={2011},
  publisher={JSTOR},
  volume={5}
}

@article{zollner2007overcoming,
  title={Overcoming the winner’s curse: estimating penetrance parameters from case-control data},
  author={Z{\"o}llner, Sebastian and Pritchard, Jonathan K},
  journal={The American Journal of Human Genetics},
  volume={80},
  number={4},
  pages={605--615},
  year={2007},
  publisher={Elsevier}
}

@article{ferguson2013empirical,
  title={Empirical Bayes correction for the Winner's Curse in genetic association studies},
  author={Ferguson, John P and Cho, Judy H and Yang, Can and Zhao, Hongyu},
  journal={Genetic epidemiology},
  volume={37},
  number={1},
  pages={60--68},
  year={2013},
  publisher={Wiley Online Library}
}

@article{benjamin2017redefine,
  title={Redefine statistical significance},
  author={Benjamin, Daniel J and Berger, James O and Johannesson, Magnus and Nosek, Brian A and Wagenmakers, Eric-Jan and Berk, Richard and Bollen, Kenneth A and Brembs, Bj{\"o}rn and Brown, Lawrence and Camerer, Colin and others},
  journal={Nature Human Behaviour},
  year={2017}
}

@article{sellke2001calibration,
  title={Calibration of $\rho$ values for testing precise null hypotheses},
  author={Sellke, Thomas and Bayarri, MJ and Berger, James O},
  journal={The American Statistician},
  volume={55},
  number={1},
  pages={62--71},
  year={2001},
  publisher={Taylor \& Francis}
}

@article{sun2011br,
  title={BR-squared: a practical solution to the winner’s curse in genome-wide scans},
  author={Sun, Lei and Dimitromanolakis, Apostolos and Faye, Laura L and Paterson, Andrew D and Waggott, Daryl and Bull, Shelley B and DCCT/EDIC Research Group and others},
  journal={Human genetics},
  volume={129},
  number={5},
  pages={545--552},
  year={2011},
  publisher={Springer}
}

@article{ghosh2008estimating,
  title={Estimating odds ratios in genome scans: an approximate conditional likelihood approach},
  author={Ghosh, Arpita and Zou, Fei and Wright, Fred A},
  journal={The American Journal of Human Genetics},
  volume={82},
  number={5},
  pages={1064--1074},
  year={2008},
  publisher={Elsevier}
}

@article{zhong2008bias,
  title={Bias-reduced estimators and confidence intervals for odds ratios in genome-wide association studies},
  author={Zhong, Hua and Prentice, Ross L},
  journal={Biostatistics},
  volume={9},
  number={4},
  pages={621--634},
  year={2008},
  publisher={Oxford University Press}
}

@article{bacanu2013extracting,
  title={Extracting actionable information from genome scans},
  author={Bacanu, Silviu-Alin and Kendler, Kenneth S},
  journal={Genetic epidemiology},
  volume={37},
  number={1},
  pages={48--59},
  year={2013},
  publisher={Wiley Online Library}
}

@article{bigdeli2016simple,
  title={A simple yet accurate correction for winner's curse can predict signals discovered in much larger genome scans},
  author={Bigdeli, T Bernard and Lee, Donghyung and Webb, Bradley Todd and Riley, Brien P and Vladimirov, Vladimir I and Fanous, Ayman H and Kendler, Kenneth S and Bacanu, Silviu-Alin},
  journal={Bioinformatics},
  volume={32},
  number={17},
  pages={2598--2603},
  year={2016},
  publisher={Oxford University Press}
}

@article{jiang2016power,
  title={Power estimation and sample size determination for replication studies of genome-wide association studies},
  author={Jiang, Wei and Yu, Weichuan},
  journal={BMC genomics},
  volume={17},
  number={1},
  pages={19},
  year={2016},
  publisher={BioMed Central}
}

@article{yekutieli2012adjusted,
  title={Adjusted Bayesian inference for selected parameters},
  author={Yekutieli, Daniel},
  journal={Journal of the Royal Statistical Society: Series B (Statistical Methodology)},
  volume={74},
  number={3},
  pages={515--541},
  year={2012},
  publisher={Wiley Online Library}
}

@article{dawid1994selection,
  title={Selection paradoxes of Bayesian inference},
  author={Dawid, AP},
  journal={Lecture Notes-Monograph Series},
  pages={211--220},
  year={1994},
  publisher={JSTOR}
}

@article{xu2003theoretical,
  title={Theoretical basis of the Beavis effect},
  author={Xu, Shizhong},
  journal={Genetics},
  volume={165},
  number={4},
  pages={2259--2268},
  year={2003},
  publisher={Genetics Soc America}
}

@article {Schildkraut2349,
	author = {Schildkraut, Joellen M. and Goode, Ellen L. and Clyde, Merlise A. and Iversen, Edwin S. and Moorman, Patricia G. and Berchuck, Andrew and Marks, Jeffrey R. and Lissowska, Jolanta and Brinton, Louise and Peplonska, Beata and Cunningham, Julie M. and Vierkant, Robert A. and Rider, David N. and Chenevix-Trench, Georgia and Webb, Penelope M. and Beesley, Jonathan and Chen, Xiaoqing and Phelan, Catherine and Sutphen, Rebecca and Sellers, Thomas A. and Pearce, Leigh and Wu, Anna H. and Van Den Berg, David and Conti, David and Elund, Christopher K. and Anderson, Rebecca and Goodman, Marc T. and Lurie, Galina and Carney, Michael E. and Thompson, Pamela J. and Gayther, Simon A. and Ramus, Susan J. and Jacobs, Ian and Kr{\"u}ger Kjaer, Susanne and Hogdall, Estrid and Blaakaer, Jan and Hogdall, Claus and Easton, Douglas F. and Song, Honglin and Pharoah, Paul D.P. and Whittemore, Alice S. and McGuire, Valerie and Quaye, Lydia and Anton-Culver, Hoda and Ziogas, Argyrios and Terry, Kathryn L. and Cramer, Daniel W. and Hankinson, Susan E. and Tworoger, Shelley S. and Calingaert, Brian and Chanock, Stephen and Sherman, Mark and Garcia-Closas, Montserrat},
	editor = {, and ,},
	title = {Single Nucleotide Polymorphisms in the TP53 Region and Susceptibility to Invasive Epithelial Ovarian Cancer},
	volume = {69},
	number = {6},
	pages = {2349--2357},
	year = {2009},
	doi = {10.1158/0008-5472.CAN-08-2902},
	publisher = {American Association for Cancer Research},
	issn = {0008-5472},
	URL = {http://cancerres.aacrjournals.org/content/69/6/2349},
	eprint = {http://cancerres.aacrjournals.org/content/69/6/2349.full.pdf},
	journal = {Cancer Research}
}

@article{schildkraut2010association,
  title={Association between DNA damage response and repair genes and risk of invasive serous ovarian cancer},
  author={Schildkraut, Joellen M and Iversen, Edwin S and Wilson, Melanie A and Clyde, Merlise A and Moorman, Patricia G and Palmieri, Rachel T and Whitaker, Regina and Bentley, Rex C and Marks, Jeffrey R and Berchuck, Andrew},
  journal={PLoS One},
  volume={5},
  number={4},
  pages={e10061},
  year={2010},
  publisher={Public Library of Science}
}
